@article{han2015deep,
  title={Deep compression: Compressing deep neural networks with pruning, trained quantization and huffman coding},
  author={Han, Song and Mao, Huizi and Dally, William J},
  journal={arXiv preprint arXiv:1510.00149},
  year={2015}
}

@article{alistarh2016qsgd,
  title={QSGD: Randomized Quantization for Communication-Optimal Stochastic Gradient Descent},
  author={Alistarh, Dan and Li, Jerry and Tomioka, Ryota and Vojnovic, Milan},
  journal={arXiv preprint arXiv:1610.02132},
  year={2016}
}

@inproceedings{andrychowicz2016learning,
  title={Learning to learn by gradient descent by gradient descent},
  author={Andrychowicz, Marcin and Denil, Misha and Gomez, Sergio and Hoffman, Matthew W and Pfau, David and Schaul, Tom and de Freitas, Nando},
  booktitle={Advances in Neural Information Processing Systems},
  pages={3981--3989},
  year={2016}
}

@inproceedings{seide20141,
  title={1-bit stochastic gradient descent and its application to data-parallel distributed training of speech dnns},
  author={Seide, Frank and Fu, Hao and Droppo, Jasha and Li, Gang and Yu, Dong},
  booktitle={Fifteenth Annual Conference of the International Speech Communication Association},
  year={2014}
}

@inproceedings{oland2015reducing,
  title={Reducing communication overhead in distributed learning by an order of magnitude (almost)},
  author={{\O}land, Anders and Raj, Bhiksha},
  booktitle={Acoustics, Speech and Signal Processing (ICASSP), 2015 IEEE International Conference on},
  pages={2219--2223},
  year={2015},
  organization={IEEE}
}

@article{mnih2013playing,
  title={Playing atari with deep reinforcement learning},
  author={Mnih, Volodymyr and Kavukcuoglu, Koray and Silver, David and Graves, Alex and Antonoglou, Ioannis and Wierstra, Daan and Riedmiller, Martin},
  journal={arXiv preprint arXiv:1312.5602},
  year={2013}
}

@article{fu2016deep,
  title={Deep Q-Networks for Accelerating the Training of Deep Neural Networks},
  author={Fu, Jie and Lin, Zichuan and Liu, Miao and Leonard, Nicholas and Feng, Jiashi and Chua, Tat-Seng},
  journal={arXiv preprint arXiv:1606.01467},
  year={2016}
}

@inproceedings{daniel2016learning,
  title={Learning Step Size Controllers for Robust Neural Network Training.},
  author={Daniel, Christian and Taylor, Jonathan and Nowozin, Sebastian},
  booktitle={AAAI},
  pages={1519--1525},
  year={2016}
}

@article{xu2017reinforcement,
  title={Reinforcement Learning for Learning Rate Control},
  author={Xu, Chang and Qin, Tao and Wang, Gang and Liu, Tie-Yan},
  journal={arXiv preprint arXiv:1705.11159},
  year={2017}
}

@article{mirhoseini2017device,
  title={Device Placement Optimization with Reinforcement Learning},
  author={Mirhoseini, Azalia and Pham, Hieu and Le, Quoc V and Steiner, Benoit and Larsen, Rasmus and Zhou, Yuefeng and Kumar, Naveen and Norouzi, Mohammad and Bengio, Samy and Dean, Jeff},
  journal={arXiv preprint arXiv:1706.04972},
  year={2017}
}

@article{zoph2016neural,
  title={Neural architecture search with reinforcement learning},
  author={Zoph, Barret and Le, Quoc V},
  journal={arXiv preprint arXiv:1611.01578},
  year={2016}
}

@inproceedings{li2014scaling,
  title={Scaling Distributed Machine Learning with the Parameter Server.},
  author={Li, Mu and Andersen, David G and Park, Jun Woo and Smola, Alexander J and Ahmed, Amr and Josifovski, Vanja and Long, James and Shekita, Eugene J and Su, Bor-Yiing},
  booktitle={OSDI},
  volume={1},
  number={10.4},
  pages={3},
  year={2014}
}

@inproceedings{hanson1989comparing,
  title={Comparing biases for minimal network construction with back-propagation},
  author={Hanson, Stephen Jos{\'e} and Pratt, Lorien Y},
  booktitle={Advances in neural information processing systems},
  pages={177--185},
  year={1989}
}

@inproceedings{hassibi1993second,
  title={Second order derivatives for network pruning: Optimal brain surgeon},
  author={Hassibi, Babak and Stork, David G},
  booktitle={Advances in neural information processing systems},
  pages={164--171},
  year={1993}
}

@article{strom1997phoneme,
  title={Phoneme probability estimation with dynamic sparsely connected artificial neural networks},
  author={Str{\"o}m, Nikko},
  journal={The Free Speech Journal},
  volume={5},
  pages={1--41},
  year={1997}
}

@inproceedings{krizhevsky2012imagenet,
  title={Imagenet classification with deep convolutional neural networks},
  author={Krizhevsky, Alex and Sutskever, Ilya and Hinton, Geoffrey E},
  booktitle={Advances in neural information processing systems},
  pages={1097--1105},
  year={2012}
}

@article{krizhevsky2009learning,
  title={Learning multiple layers of features from tiny images},
  author={Krizhevsky, Alex and Hinton, Geoffrey},
  year={2009},
  publisher={Technical report, University of Toronto}
}

@book{sutton1998reinforcement,
  title={Reinforcement learning: An introduction},
  author={Sutton, Richard S and Barto, Andrew G},
  volume={1},
  number={1},
  year={1998},
  publisher={MIT press Cambridge}
}

@article{wen2017terngrad,
  title={TernGrad: Ternary Gradients to Reduce Communication in Distributed Deep Learning},
  author={Wen, Wei and Xu, Cong and Yan, Feng and Wu, Chunpeng and Wang, Yandan and Chen, Yiran and Li, Hai},
  journal={arXiv preprint arXiv:1705.07878},
  year={2017}
}

@Misc{tf2017quantization,  
howpublished = {\url{https://www.tensorflow.org/performance/quantization}},  
title = {How to Quantize Neural Networks with TensorFlow}, 
year = {2017}
}  

@inproceedings{dean2012large,
  title={Large scale distributed deep networks},
  author={Dean, Jeffrey and Corrado, Greg and Monga, Rajat and Chen, Kai and Devin, Matthieu and Mao, Mark and Senior, Andrew and Tucker, Paul and Yang, Ke and Le, Quoc V and others},
  booktitle={Advances in neural information processing systems},
  pages={1223--1231},
  year={2012}
}

@inproceedings{ho2013more,
  title={More effective distributed ml via a stale synchronous parallel parameter server},
  author={Ho, Qirong and Cipar, James and Cui, Henggang and Lee, Seunghak and Kim, Jin Kyu and Gibbons, Phillip B and Gibson, Garth A and Ganger, Greg and Xing, Eric P},
  booktitle={Advances in neural information processing systems},
  pages={1223--1231},
  year={2013}
}
@inproceedings{lecun1990optimal,
  title={Optimal brain damage},
  author={LeCun, Yann and Denker, John S and Solla, Sara A},
  booktitle={Advances in neural information processing systems},
  pages={598--605},
  year={1990}
}

@inproceedings{han2016eie,
  title={EIE: efficient inference engine on compressed deep neural network},
  author={Han, Song and Liu, Xingyu and Mao, Huizi and Pu, Jing and Pedram, Ardavan and Horowitz, Mark A and Dally, William J},
  booktitle={Computer Architecture (ISCA), 2016 ACM/IEEE 43rd Annual International Symposium on},
  pages={243--254},
  year={2016},
  organization={IEEE}
}